
@book{clserpub1,
	author = {\raggedright \uppercase{Gorbunov-Posadov, M.M. and Polilova, T.A.}},
	title = {Nauchnaya monografiya: puti k izdaniyu i k chitatelyu [Vědecká monografie: cesty k publikaci a ke čtenáři]},
	publisher = {MOSKVA: IPM im. M.V. Keldysha [Univerzita Praktické Matematiky jména M.V. Keldysha]},
	year = {2017, [vid.~13.04.2022]},
	note = {ISSN~2071-2898},	
}

@book{Trinh_Viet2020thesis,
	AUTHOR = "\uppercase{Trinh Viet, Son}",
	TITLE = "Matematika a statistika v pokeru",
	ADDRESS = "Vysoká škola ekonomická v Praze",
	YEAR = "2020 [vid.~15.04.2022]",
	NOTE = {Dostupně~z: {\ttfamily https://theses.cz/id/epxgyj/}}, 
}

@book{TRAVNICEK2021thesis,
	AUTHOR = "TRÁVNÍČEK, VOJTĚCH",
	TITLE = "Návrh a konstrukce zařízení pro kvantové zpracování informace",
	ADDRESS = "Univerzita Palackého v Olomouci, Přírodovědecká fakulta: ",
	YEAR = "2021, [vid.~15.04.2022]",	
	NOTE = "Dostupně z: {\ttfamily https://theses.cz/id/n5k202/}", 
}


@book{serpub,
	author = "LABOVITZ, JOHN",
	title = "The electric typesetter: The origins of computing in typography",
	series = "Printing History, no.~21",
	publisher = "The American Printing History Association",
	year = "2017, [vid.~16.04.2022]",
	note = "ISSN~0192-9275",
}


@book{clserpub2,
	author = "KNYAZEVA L.I. and GORYAINOV I.I.",
	title = "Faktory, Opredelyayushchiye kachestvo
	nauchno-issledovatelskoy raboty [Faktory určující kvalitu vědecko výzkumné práce]",
	series = "International journal of applied and fundamental research, no.~5 (part 2)",
	year = "24.05.2017, [vid.~16.04.2022]",
	note = "SSN~1996-3955, str.~329--335",
}

@book{el1,
	author = "ELLIS, PERER",
	title = "The problems with science journals trying to be gatekeepers",
	year = "18.06.2020, [vid~16.04.2022]",
	note = "Dostupně~z: \urlstyle{tt}\url{ https://science.thewire.in/the-sciences/scientific-publishing-peer-review-open-access/}\urlstyle{rm}"
}

@book{el2,
	author = "SVRŠEL, JIŘÍ",
	title = "Elektronické vědecké články",
	year = "[vid~16.04.2022]",
	note = "Dostupně~z: \urlstyle{tt}\url{http://natura.baf.cz/natura/2003/1/20030102.html}\urlstyle{rm}"
}

@book{el3,
	author = "PETR van BLOKLAND",
	title = "The Future of Typography",
	year = "04.14.16, [vid~17.04.2022]",
	note = "Dostupně~z: \urlstyle{tt}\url{https://designobserver.com/feature/the-future-of-typography/39206}\urlstyle{rm}"
}


@book{mon1,
	author = "SCHACHERL, MARTIN",
	title = "Vliv subjektivních stylotvorných faktorů
	na styl současných českých odborných textů [online]",
	address = "Jihočeská univerzita, České Budějovice, Česká republika",
	year = "7.09.2020, [vid.~15.04.2022]",
	note = "ISSN~1230-2287",
}

@book{mon2,
	author = "MARY ELIZABETH STEVENS and JOHN L. LITTLE",
	title = "Automatic Typographic-quality Typesetting Techniques: A State-of-the-art Review",
	address = "Center of Computer Science and Technology, Washington",
	year = "1967, [vid.~17.04.2022]",
	note = "str. 80--82"
}
